
@online{_twelve-factor_????,
	title = {The Twelve-Factor App},
	url = {http://12factor.net/},
	urldate = {2014-03-26},
	file = {The Twelve-Factor App:/home/max/.mozilla/firefox/cq0juvrm.default/zotero/storage/7S9KQ8NB/12factor.net.html:text/html}
}

@online{brett_testosterone_????,
	title = {Testosterone Week: A Short Primer on How T Is Made},
	url = {http://www.artofmanliness.com/2013/01/15/how-testosterone-is-made/},
	shorttitle = {Testosterone Week},
	abstract = {In yesterday's post we discussed the benefits of maintaining optimal testosterone levels and why you should care about your T. Today we're going to look int},
	titleaddon = {The Art of Manliness},
	author = {{Brett}},
	urldate = {2014-03-13},
	keywords = {health \& sports, process, testosterone, testosterone, wellness},
	file = {Snapshot:/home/max/.mozilla/firefox/cq0juvrm.default/zotero/storage/GPGA82QA/how-testosterone-is-made.html:text/html}
}

@online{_reset.me_????,
	title = {Reset.me},
	url = {http://www.reset.me/},
	abstract = {Coming soon! Welcome to the temporary site for {Reset.Me}, an independent journalism site covering psychedelics, natural medicines, and alternative therapies. Click on the links above to follow our...},
	titleaddon = {Reset.me},
	urldate = {2014-03-25},
	file = {Snapshot:/home/max/.mozilla/firefox/cq0juvrm.default/zotero/storage/PQAQBQKQ/www.reset.me.html:text/html}
}

@online{_reader_????,
	title = {Reader Letters \#1, Part 4},
	url = {http://therawness.com/reader-letters-1-part-4/},
	abstract = {{INTRO}
This is part 4 in a series. Here are the links to Part 1, Part 2, and Part 3. You need to read all three parts before proceeding, bec},
	titleaddon = {The Rawness},
	urldate = {2014-03-10},
	file = {Snapshot:/home/max/.mozilla/firefox/cq0juvrm.default/zotero/storage/M9J5253T/reader-letters-1-part-4.html:text/html}
}

@online{grimm_moderately_????,
	title = {The Moderately Enthusiastic Programmer {\textbar} Virtuous Code},
	url = {http://devblog.avdi.org/2014/01/31/the-moderately-enthusiastic-programmer/},
	author = {Grimm, Avdi},
	urldate = {2014-03-26},
	file = {Snapshot:/home/max/.mozilla/firefox/cq0juvrm.default/zotero/storage/GFT23QEF/the-moderately-enthusiastic-programmer.html:text/html}
}

@online{_very_????,
	title = {The Very Basis of Self-Esteem},
	url = {http://www.personalpowermeditation.com/forum/general/the-very-basis-of-self-esteem/},
	urldate = {2014-03-13},
	file = {The Very Basis of Self-Esteem:/home/max/.mozilla/firefox/cq0juvrm.default/zotero/storage/8D8TH55U/the-very-basis-of-self-esteem.html:text/html}
}

@artwork{_how--learn-emacs-v2-large.png_????,
	title = {How-to-Learn-Emacs-v2-Large.png ({PNG} Image, 4950 × 3225 pixels) - Scaled (23\%)},
	url = {http://sachachua.com/blog/wp-content/uploads/2013/05/How-to-Learn-Emacs-v2-Large.png},
	urldate = {2014-03-28},
	file = {How-to-Learn-Emacs-v2-Large.png (PNG Image, 4950 × 3225 pixels) - Scaled (23%):/home/max/.mozilla/firefox/cq0juvrm.default/zotero/storage/NN7HCESV/How-to-Learn-Emacs-v2-Large.png:image/png}
}

@online{brett_testosterone_????-1,
	title = {Testosterone Week: The Declining Virility of Men and the Importance of T},
	url = {http://www.artofmanliness.com/2013/01/13/testosterone-week-intro/},
	shorttitle = {Testosterone Week},
	abstract = {At the end of last August I decided to start an experiment on naturally increasing my testosterone levels. Kate and I had just finished a month-long series ca},
	titleaddon = {The Art of Manliness},
	author = {{Brett}},
	urldate = {2014-03-10},
	keywords = {testosterone},
	file = {Snapshot:/home/max/.mozilla/firefox/cq0juvrm.default/zotero/storage/ND29634U/testosterone-week-intro.html:text/html}
}

@online{brett_testosterone_????-2,
	title = {Testosterone Week: How I Doubled My Testosterone Levels Naturally and You Can Too},
	url = {http://www.artofmanliness.com/2013/01/18/how-to-increase-testosterone-naturally/},
	shorttitle = {Testosterone Week},
	abstract = {At last we’ve reached the final post of Testosterone Week and based on the comments from you all, this is the post you've been most looking forward to. To},
	titleaddon = {The Art of Manliness},
	author = {{Brett}},
	urldate = {2014-03-13},
	keywords = {testosterone},
	file = {Snapshot:/home/max/.mozilla/firefox/cq0juvrm.default/zotero/storage/EM97XDIK/how-to-increase-testosterone-naturally.html:text/html}
}

@online{_how_????,
	title = {How To Turn Charisma On At A Moment's Notice},
	url = {http://thoughtcatalog.com/charlie-houpert/2014/02/how-to-turn-charisma-on-at-a-moments-notice/},
	abstract = {One moment you feel totally “on.” Then maybe an hour or a day later, when you wish you could just push that “on” button, it’s nowhere to be found?},
	titleaddon = {Thought Catalog},
	urldate = {2014-03-10},
	file = {Snapshot:/home/max/.mozilla/firefox/cq0juvrm.default/zotero/storage/VUJQUFMS/how-to-turn-charisma-on-at-a-moments-notice.html:text/html}
}

@online{brett_testosterone_????-3,
	title = {Testosterone Week: The Benefits of Optimal Testosterone},
	url = {http://www.artofmanliness.com/2013/01/14/testosterone-benefits/},
	shorttitle = {Testosterone Week},
	abstract = {Welcome to the first installment of Testosterone Week! Based on the reaction from yesterday's announcement post, this is a subject that many of you are both},
	titleaddon = {The Art of Manliness},
	author = {{Brett}},
	urldate = {2014-03-13},
	keywords = {health \& sports, optimal, testosterone, testosterone benefits, wellness},
	file = {Snapshot:/home/max/.mozilla/firefox/cq0juvrm.default/zotero/storage/K6K5FNSC/testosterone-benefits.html:text/html}
}

@online{_7_????,
	title = {7 Patterns to Refactor Fat {ActiveRecord} Models - Code Climate Blog},
	url = {http://blog.codeclimate.com/blog/2012/10/17/7-ways-to-decompose-fat-activerecord-models/},
	urldate = {2014-03-15},
	file = {7 Patterns to Refactor Fat ActiveRecord Models - Code Climate Blog:/home/max/.mozilla/firefox/cq0juvrm.default/zotero/storage/HJAWT4A9/7-ways-to-decompose-fat-activerecord-models.html:text/html}
}

@online{brett_testosterone_????-4,
	title = {Testosterone Week: What’s a {“Normal”} Testosterone Level and How to Measure Your T},
	url = {http://www.artofmanliness.com/2013/01/16/normal-testosterone-levels/},
	shorttitle = {Testosterone Week},
	abstract = {Welcome back to Testosterone Week! If you're just joining us, I recommend checking out our two previous posts in the series: the benefits of testosterone a},
	titleaddon = {The Art of Manliness},
	author = {{Brett}},
	urldate = {2014-03-13},
	keywords = {health \& sports, normal, test, testosterone, testosterone levels},
	file = {Snapshot:/home/max/.mozilla/firefox/cq0juvrm.default/zotero/storage/QIQMW8G3/normal-testosterone-levels.html:text/html}
}